@article{perl_topas_2012,
    title = {{TOPAS}: an innovative proton {Monte} {Carlo} platform for research and clinical applications},
    volume = {39},
    number = {11},
    journal = {Medical Physics},
    author = {Perl, Joseph and Shin, Jungwook and Sch√ºmann, Jan and Faddegon, Bruce and Paganetti, Harald},
    year = {2012},
    note = {Publisher: Wiley Online Library},
    pages = {6818--6837},
}